@inproceedings{jamrozikZ16,
  author    = {Konrad Jamrozik and
               Andreas Zeller},
  title     = {DroidMate: a robust and extensible test generator for Android},
  booktitle = {Proceedings of the International Conference on Mobile Software Engineering
               and Systems, MOBILESoft '16, Austin, Texas, USA, May 14-22, 2016},
  pages     = {293--294},
  publisher = {{ACM}},
  year      = {2016},
  url       = {https://doi.org/10.1145/2897073.2897716},
  doi       = {10.1145/2897073.2897716},
  timestamp = {Tue, 06 Nov 2018 11:06:56 +0100},
  biburl    = {https://dblp.org/rec/conf/icse/JamrozikZ16.bib},
  bibsource = {dblp computer science bibliography, https://dblp.org}
}


@article{shepperd-role-replication,
  author    = {Martin J. Shepperd and
               Nemitari Ajienka and
               Steve Counsell},
  title     = {The role and value of replication in empirical software engineering
               results},
  journal   = {Inf. Softw. Technol.},
  volume    = {99},
  pages     = {120--132},
  year      = {2018},
  url       = {https://doi.org/10.1016/j.infsof.2018.01.006},
  doi       = {10.1016/j.infsof.2018.01.006},
  timestamp = {Sat, 05 Sep 2020 17:44:36 +0200},
  biburl    = {https://dblp.org/rec/journals/infsof/ShepperdAC18.bib},
  bibsource = {dblp computer science bibliography, https://dblp.org}
}

@inproceedings{DBLP:conf/wcre/BaoLL18,
  author    = {Lingfeng Bao and
               Tien{-}Duy B. Le and
               David Lo},
  editor    = {Rocco Oliveto and
               Massimiliano Di Penta and
               David C. Shepherd},
  title     = {Mining sandboxes: Are we there yet?},
  booktitle = {25th International Conference on Software Analysis, Evolution and
               Reengineering, {SANER} 2018, Campobasso, Italy, March 20-23, 2018},
  pages     = {445--455},
  publisher = {{IEEE} Computer Society},
  year      = {2018},
  url       = {https://doi.org/10.1109/SANER.2018.8330231},
  doi       = {10.1109/SANER.2018.8330231},
  timestamp = {Wed, 16 Oct 2019 14:14:53 +0200},
  biburl    = {https://dblp.org/rec/conf/wcre/BaoLL18.bib},
  bibsource = {dblp computer science bibliography, https://dblp.org}
}

@inproceedings{kohl:icse-2020,
  author    = {Karina Kohl and
               Bogdan Vasilescu and
               Rafael Prikladnicki},
  title     = {Multitasking Across Industry Projects: {A} Replication Study},
  booktitle = {{ICSE} '20: 42nd International Conference on Software Engineering,
               Workshops, Seoul, Republic of Korea, 27 June - 19 July, 2020},
  pages     = {93--100},
  publisher = {{ACM}},
  year      = {2020},
  url       = {https://doi.org/10.1145/3387940.3391495},
  doi       = {10.1145/3387940.3391495},
  timestamp = {Fri, 16 Oct 2020 11:30:56 +0200},
  biburl    = {https://dblp.org/rec/conf/icse/KohlVP20.bib},
  bibsource = {dblp computer science bibliography, https://dblp.org}
}

@article{role-of-replication,
  author    = {Forrest Shull and
               Jeffrey C. Carver and
               Sira Vegas and
               Natalia Juristo Juzgado},
  title     = {The role of replications in Empirical Software Engineering},
  journal   = {Empir. Softw. Eng.},
  volume    = {13},
  number    = {2},
  pages     = {211--218},
  year      = {2008},
  url       = {https://doi.org/10.1007/s10664-008-9060-1},
  doi       = {10.1007/s10664-008-9060-1},
  timestamp = {Tue, 25 Aug 2020 16:58:47 +0200},
  biburl    = {https://dblp.org/rec/journals/ese/ShullCVJ08.bib},
  bibsource = {dblp computer science bibliography, https://dblp.org}
}

@article{standards,
  title={Empirical standards for software engineering research},
  author={Ralph, Paul and bin Ali, Nauman and Baltes, Sebastian and Bianculli, Domenico and Diaz, Jessica and Dittrich, Yvonne and Ernst, Neil and Felderer, Michael and Feldt, Robert and Filieri, Antonio and others},
  journal={arXiv preprint arXiv:2010.03525},
  year={2021}
}

@inproceedings{msr-replication,
 title={A Replication Study on the Usability of Code Vocabulary in Predicting Flaky Tests},
 author={G. Haben and S. Habchi and M. Papadakis and M. Cordy and Y. Le Traon},
 booktitle={18th International Conference on Mining Software Repositories},
 publisher = {{ACM}},
 year={2021}
}

@article{toplas-replication,
author = {Berger, Emery D. and Hollenbeck, Celeste and Maj, Petr and Vitek, Olga and Vitek, Jan},
title = {On the Impact of Programming Languages on Code Quality: A Reproduction Study},
year = {2019},
issue_date = {December 2019},
publisher = {Association for Computing Machinery},
address = {New York, NY, USA},
volume = {41},
number = {4},
issn = {0164-0925},
url = {https://doi.org/10.1145/3340571},
doi = {10.1145/3340571},
journal = {ACM Trans. Program. Lang. Syst.},
month = oct,
articleno = {21},
numpages = {24},
keywords = {Programming Languages on Code Quality}
}


